% Human Health Effects of Lead Bibliography


%A

@article{american2016ethyl,
  title={Ethyl Anti-Knock Gas},
  author={0},
  journal={American Oil \& Gas Historical Society},
  volume={0},
  number={0},
  pages={0},
  year={2016},
  publisher={0}
}


% B




% C

% E

@misc{exxonmobil aviation  , title={Aviation fuel â€“ Jet A/Jet A-1 | ExxonMobil aviation}, url={https://www.exxonmobil.com/en/aviation/products-and-services/Products/Jet-A-Jet-A-1}, journal={ExxonMobil Aviation  }}

% F

@misc{federal aviation administration_2017, title={Aviation Gasoline}, 
url={https://www.faa.gov/about/initiatives/avgas/}, 
journal={Federal Aviation Administration}, 
year={2017}, month={Mar}}

% G

@article{galzigna1973biochemical,
  title={Biochemical basis for the toxic effects of triethyl lead},
  author={Galzigna, L and Ferraro, MV and Manani, G and Viola, A},
  journal={British journal of industrial medicine},
  volume={30},
  number={2},
  pages={129--133},
  year={1973},
  publisher={BMJ Publishing Group Ltd}
}



% H



% K








% L


% M

@article{miranda2011geospatial,
  title={A geospatial analysis of the effects of aviation gasoline on childhood blood lead levels},
  author={Miranda, Marie Lynn and Anthopolos, Rebecca and Hastings, Douglas},
  journal={Environmental health perspectives},
  volume={119},
  number={10},
  pages={1513},
  year={2011},
  publisher={National Institute of Environmental Health Sciences}
}

% S


@misc{scheer_moss_2012, 
title={Does the Continued Use of Lead in Aviation Fuel Endanger Public Health and the Environment?}, 
%url={https://www.scientificamerican.com/article/lead-in-aviation-fuel/}, 
journal={Scientific American}, author={Scheer, Roddy and Moss, Doug}, 
year={2012}, month={Aug}}

@misc{shell global, title={Avgas}, url={http://www.shell.com/business-customers/aviation/aviation-fuel/avgas.html}, journal={Shell Global}}


% T



% W


% Z

