@article{Apparicio2008,
author = {Apparicio, P. and Abdelmajid, M. and Riva, M. and Shearmur, R.},
issn = {1476-072X},
journal = {International Journal of Health Geographics},
title = {{Comparing alternative approaches to measuring the geographical accessibility of urban health services: Distance types and aggregation-error issues}},
volume = {7},
year = {2008}
}

@article{tidball1976lead,
  title={Lead in soils},
  author={Tidball, RR},
  journal={Lead in the Environment},
  volume={957},
  pages={43},
  year={1976},
  publisher={US Geol. Surv. Prof. Pap}
}