% Human Health Effects of Lead Bibliography


%A



@article{americanoil,
title={Ethyl Anti-Knock Gas},journal={American Oil \& Gas Historical Society}, 
year={2016}, 
month={Dec},
url={http://aoghs.org/products/tetraethyl-lead-gasoline/} 
}

% B




% C

% E

@article{exxonmobil, 
title={Aviation Fuel â€“ Jet A/Jet A-1 | ExxonMobil aviation}, 
url={https://www.exxonmobil.com/en/aviation/products-and-services/Products/Jet-A-Jet-A-1}, 
journal={ExxonMobil Aviation  }}

% F

@article{FAA, title={Aviation Gasoline}, journal={Federal Aviation Administration}, 
year={2017}, month={Mar}, 
url={https://www.faa.gov/about/initiatives/avgas/} 
}

% G

@article{galzigna1973biochemical,
  title={Biochemical basis for the toxic effects of triethyl lead},
  author={Galzigna, L and Ferraro, MV and Manani, G and Viola, A},
  journal={British journal of industrial medicine},
  volume={30},
  number={2},
  pages={129--133},
  year={1973},
  publisher={BMJ Publishing Group Ltd}
}



% H



% K








% L


% M

@article{miranda2011geospatial,
  title={A geospatial analysis of the effects of aviation gasoline on childhood blood lead levels},
  author={Miranda, Marie Lynn and Anthopolos, Rebecca and Hastings, Douglas},
  journal={Environmental health perspectives},
  volume={119},
  number={10},
  pages={1513},
  year={2011},
  publisher={National Institute of Environmental Health Sciences}
}


% R

@article{rosner1985gift,
  title={A'gift of God'?: The public health controversy over leaded gasoline during the 1920s.},
  author={Rosner, David and Markowitz, Gerald},
  journal={American Journal of Public Health},
  volume={75},
  number={4},
  pages={344--352},
  year={1985},
  publisher={American Public Health Association}
}


% S


@misc{scheermoss2012, 
title={Does the Continued Use of Lead in Aviation Fuel Endanger Public Health and the Environment?}, 
url={https://www.scientificamerican.com/article/lead-in-aviation-fuel/}, 
journal={Scientific American}, author={Scheer, Roddy and Moss, Doug}, 
year={2012}, month={Aug}}

@misc{shellglobal, title={Avgas}, 
url={http://www.shell.com/business-customers/aviation/aviation-fuel/avgas.html}, 
journal={Shell Global}}


% T



% W


% Z

