% Lead Bibliography

% B

@article{barltrop1975absorption,
  title={Absorption of lead from dust and soil},
  author={Barltrop, D and Thornton, I and Strehlow, CD and Webb, JS},
  journal={Postgraduate medical journal},
  volume={51},
  number={601},
  pages={801--804},
  year={1975},
  publisher={The Fellowship of Postgraduate Medicine}
}

@article{blais1996using,
  title={Using isotopic tracers in lake sediments to assess atmospheric transport of lead in eastern Canada},
  author={Blais, Jules M},
  journal={Water, Air, \& Soil Pollution},
  volume={92},
  number={3},
  pages={329--342},
  year={1996},
  publisher={Springer}
}

@article{cortizas2002atmospheric,
  title={Atmospheric Pb deposition in Spain during the last 4600 years recorded by two ombrotrophic peat bogs and implications for the use of peat as archive},
  author={Cortizas, A Mart{\i}nez and Garc{\i}a-Rodeja, E and Pombal, X Pontevedra and Mu{\~n}oz, JC N{\'o}voa and Weiss, Dominik and Cheburkin, Andriy},
  journal={Science of the Total Environment},
  volume={292},
  number={1},
  pages={33--44},
  year={2002},
  publisher={Elsevier}
}

%C
@book{cohan2010potential,
  title={Potential for atmospheric driven lead paint degradation in the South Coast Air Basin of California},
  author={Cohan, Alexander},
  year={2010},
  publisher={University of California, Irvine}
}

%F

@article{fisher1996accumulation,
  title={Accumulation and retention of metals in mussels from food and water: a comparison under field and laboratory conditions},
  author={Fisher, Nicholas S and Teyssi{\'e}, Jean-Louis and Fowler, Scott W and Wang, Wen-Xiong},
  journal={Environmental science \& technology},
  volume={30},
  number={11},
  pages={3232--3242},
  year={1996},
  publisher={ACS Publications}
}


% G

@article{goyer1990environmental,
  title={Lead toxicity: from overt to subclinical to subtle health effects},
  author={Goyer, Robert A},
  journal={Environmental Health Perspectives},
  volume={86},
  number={170},
  pages={177--181},
  year={1990},
  publisher={The National Center for Biotechnology Information}
}
 
% H

@article{hammond1977annual,
  title={Exposure of humans to lead},
  author={Hammond, Paul B},
  journal={Annual review of pharmacology and toxicology},
  volume={17.1},
  pages={197--214},
  year={1977},
  publisher={Annual Reviews Inc}
}

% K

% L

@article{lanphear1998contribution,
  title={The contribution of lead-contaminated house dust and residential soil to children's blood lead levels: a pooled analysis of 12 epidemiologic studies},
  author={Lanphear, Bruce P and Matte, Thomas D and Rogers, John and Clickner, Robert P and Dietz, Brian and Bornschein, Robert L and Succop, Paul and Mahaffey, Kathryn R and Dixon, Sherry and Galke, Warren and others},
  journal={Environmental research},
  volume={79},
  number={1},
  pages={51--68},
  year={1998},
  publisher={Elsevier}
}


% S

@article{sharma2005lead,
  title={Lead toxicity in plants},
  author={Sharma, Pallavi and Dubey, Rama Shanker},
  journal={Brazilian journal of plant physiology},
  volume={17},
  number={1},
  pages={35--52},
  year={2005},
  publisher={SciELO Brasil}
}

@article{struzynska2005role,
  title={The role of astroglia in Pb-exposed adult rat brain with respect to glutamate toxicity},
  author={Stru{\.z}y{\'n}ska, Lidia and Chalimoniuk, Ma{\l}gorzata and Sulkowski, Grzegorz},
  journal={Toxicology},
  volume={212},
  number={2},
  pages={185--194},
  year={2005},
  publisher={Elsevier}
}
% T

@article{tidball1976lead,
  title={Lead in soils},
  author={Tidball, RR},
  journal={Lead in the Environment},
  volume={957},
  pages={43},
  year={1976},
  publisher={US Geol. Surv. Prof. Pap}
}

% W

@article{wang2006transfer,
  title={Transfer characteristics of cadmium and lead from soil to the edible parts of six vegetable species in southeastern China},
  author={Wang, Guo and Su, Miao-Yu and Chen, Yan-Hui and Lin, Fen-Fang and Luo, Dan and Gao, Shu-Fang},
  journal={Environmental Pollution},
  volume={144},
  number={1},
  pages={127--135},
  year={2006},
  publisher={Elsevier}
}

@article{weber1997alterations,
  title={Alterations in neurobehavioral responses in fishes exposed to lead and lead-chelating agents},
  author={Weber, Daniel N and Dingel, Wendy M and Panos, John J and Steinpreis, Rhea E},
  journal={American Zoologist},
  volume={37},
  number={4},
  pages={354--362},
  year={1997},
  publisher={The Oxford University Press}
}

% Z

@article{zimdahl1977behavior,
  title={Behavior of lead in soil},
  author={Zimdahl, Robert L and Skogerboe, Rodney K},
  journal={Environmental Science \& Technology},
  volume={11},
  number={13},
  pages={1202--1207},
  year={1977},
  publisher={ACS Publications}
}