% Lead Bibliography

% A

@book{agency1990toxicological,
  title={Toxicological profile for lead},
  author={Agency for Toxic Substances and Disease Registry. Syracuse Research Corporation},
  year={1990},
  publisher={Agency for Toxic Substances and Disease Registry, Syracuse Research Corporation}
}

% B

@article{bazzano2016long,
  title={Long-range transport of atmospheric lead reaching Ny-{\AA}lesund: inter-annual and seasonal variations of potential source areas},
  author={Bazzano, Andrea and Cappelletti, David and Udisti, Roberto and Grotti, Marco},
  journal={Atmospheric Environment},
  volume={139},
  pages={11--19},
  year={2016},
  publisher={Elsevier}
}

@article{barltrop1975absorption,
  title={Absorption of lead from dust and soil},
  author={Barltrop, D and Thornton, I and Strehlow, CD and Webb, JS},
  journal={Postgraduate medical journal},
  volume={51},
  number={601},
  pages={801--804},
  year={1975},
  publisher={The Fellowship of Postgraduate Medicine}
}

@article{blais1996using,
  title={Using isotopic tracers in lake sediments to assess atmospheric transport of lead in eastern Canada},
  author={Blais, Jules M},
  journal={Water, Air, \& Soil Pollution},
  volume={92},
  number={3},
  pages={329--342},
  year={1996},
  publisher={Springer}
}

@article{cortizas2002atmospheric,
  title={Atmospheric Pb deposition in Spain during the last 4600 years recorded by two ombrotrophic peat bogs and implications for the use of peat as archive},
  author={Cortizas, A Mart{\i}nez and Garc{\i}a-Rodeja, E and Pombal, X Pontevedra and Mu{\~n}oz, JC N{\'o}voa and Weiss, Dominik and Cheburkin, Andriy},
  journal={Science of the Total Environment},
  volume={292},
  number={1},
  pages={33--44},
  year={2002},
  publisher={Elsevier}
}

%C
@book{cohan2010potential,
  title={Potential for atmospheric driven lead paint degradation in the South Coast Air Basin of California},
  author={Cohan, Alexander},
  year={2010},
  publisher={University of California, Irvine}
}

% L

@article{lanphear1998contribution,
  title={The contribution of lead-contaminated house dust and residential soil to children's blood lead levels: a pooled analysis of 12 epidemiologic studies},
  author={Lanphear, Bruce P and Matte, Thomas D and Rogers, John and Clickner, Robert P and Dietz, Brian and Bornschein, Robert L and Succop, Paul and Mahaffey, Kathryn R and Dixon, Sherry and Galke, Warren and others},
  journal={Environmental research},
  volume={79},
  number={1},
  pages={51--68},
  year={1998},
  publisher={Elsevier}
}


% S

@article{struzynska2005role,
  title={The role of astroglia in Pb-exposed adult rat brain with respect to glutamate toxicity},
  author={Stru{\.z}y{\'n}ska, Lidia and Chalimoniuk, Ma{\l}gorzata and Sulkowski, Grzegorz},
  journal={Toxicology},
  volume={212},
  number={2},
  pages={185--194},
  year={2005},
  publisher={Elsevier}
}
% T

@article{tidball1976lead,
  title={Lead in soils},
  author={Tidball, RR},
  journal={Lead in the Environment},
  volume={957},
  pages={43},
  year={1976},
  publisher={US Geol. Surv. Prof. Pap}
}

% W

@article{wang2006transfer,
  title={Transfer characteristics of cadmium and lead from soil to the edible parts of six vegetable species in southeastern China},
  author={Wang, Guo and Su, Miao-Yu and Chen, Yan-Hui and Lin, Fen-Fang and Luo, Dan and Gao, Shu-Fang},
  journal={Environmental Pollution},
  volume={144},
  number={1},
  pages={127--135},
  year={2006},
  publisher={Elsevier}
}

% Z

@article{zimdahl1977behavior,
  title={Behavior of lead in soil},
  author={Zimdahl, Robert L and Skogerboe, Rodney K},
  journal={Environmental Science \& Technology},
  volume={11},
  number={13},
  pages={1202--1207},
  year={1977},
  publisher={ACS Publications}
}