% Lead Bibliography

% A

@book{agency1990toxicological,
  title={Toxicological profile for lead},
  author={Agency for Toxic Substances and Disease Registry. Syracuse Research Corporation},
  year={1990},
  publisher={Agency for Toxic Substances and Disease Registry, Syracuse Research Corporation}
}

@article{amodio2014atmospheric,
  title={Atmospheric deposition: sampling procedures, analytical methods, and main recent findings from the scientific literature},
  author={Amodio, M and Catino, S and Dambruoso, PR and De Gennaro, G and Di Gilio, A and Giungato, P and Laiola, E and Marzocca, A and Mazzone, A and Sardaro, A and others},
  journal={Advances in Meteorology},
  volume={2014},
  year={2014},
  publisher={Hindawi Publishing Corporation}
}

% B

@article{bazzano2016long,
  title={Long-range transport of atmospheric lead reaching Ny-{\AA}lesund: inter-annual and seasonal variations of potential source areas},
  author={Bazzano, Andrea and Cappelletti, David and Udisti, Roberto and Grotti, Marco},
  journal={Atmospheric Environment},
  volume={139},
  pages={11--19},
  year={2016},
  publisher={Elsevier}
}

@article{barltrop1975absorption,
  title={Absorption of lead from dust and soil},
  author={Barltrop, D and Thornton, I and Strehlow, CD and Webb, JS},
  journal={Postgraduate medical journal},
  volume={51},
  number={601},
  pages={801--804},
  year={1975},
  publisher={The Fellowship of Postgraduate Medicine}
}

@article{blais1996using,
  title={Using isotopic tracers in lake sediments to assess atmospheric transport of lead in eastern Canada},
  author={Blais, Jules M},
  journal={Water, Air, \& Soil Pollution},
  volume={92},
  number={3},
  pages={329--342},
  year={1996},
  publisher={Springer}
}

@article{cortizas2002atmospheric,
  title={Atmospheric Pb deposition in Spain during the last 4600 years recorded by two ombrotrophic peat bogs and implications for the use of peat as archive},
  author={Cortizas, A Mart{\i}nez and Garc{\i}a-Rodeja, E and Pombal, X Pontevedra and Mu{\~n}oz, JC N{\'o}voa and Weiss, Dominik and Cheburkin, Andriy},
  journal={Science of the Total Environment},
  volume={292},
  number={1},
  pages={33--44},
  year={2002},
  publisher={Elsevier}
}

%C

@book{cohan2010potential,
  title={Potential for atmospheric driven lead paint degradation in the South Coast Air Basin of California},
  author={Cohan, Alexander},
  year={2010},
  publisher={University of California, Irvine}
}

@article{coulibaly2015seasonal,
  title={Seasonal fluctuations in air pollution in Dazaifu, Japan, and effect of long-range transport from mainland East Asia},
  author={Coulibaly, Souleymane and Minami, Hiroki and Abe, Maho and Hasei, Tomohiro and Sera, Nobuyuki and Yamamoto, Shigekazu and Funasaka, Kunihiro and Asakawa, Daichi and Watanabe, Masanari and Honda, Naoko and others},
  journal={Biological and Pharmaceutical Bulletin},
  volume={38},
  number={9},
  pages={1395--1403},
  year={2015},
  publisher={The Pharmaceutical Society of Japan}
}

% H

@article{hutchinson1987lead,
  title={Lead, mercury, cadmium, and arsenic in the environment},
  author={Hutchinson, Thomas C and Meema, KM},
  year={1987},
  publisher={John Wiley and Sons, New York, NY}
}

% L

@article{lanphear1998contribution,
  title={The contribution of lead-contaminated house dust and residential soil to children's blood lead levels: a pooled analysis of 12 epidemiologic studies},
  author={Lanphear, Bruce P and Matte, Thomas D and Rogers, John and Clickner, Robert P and Dietz, Brian and Bornschein, Robert L and Succop, Paul and Mahaffey, Kathryn R and Dixon, Sherry and Galke, Warren and others},
  journal={Environmental research},
  volume={79},
  number={1},
  pages={51--68},
  year={1998},
  publisher={Elsevier}
}


% S

@article{steinnes2006metal,
  title={Metal contamination of natural surface soils from long-range atmospheric transport: existing and missing knowledge},
  author={Steinnes, Eiliv and Friedland, Andrew J},
  journal={Environmental Reviews},
  volume={14},
  number={3},
  pages={169--186},
  year={2006},
  publisher={NRC Research Press}
}

@phdthesis{steding2001three,
  title={Three case studies at the regional and global scales of the cycling and fate of lead and mercury in the environment},
  author={Steding, Douglas John},
  year={2001},
  school={University of California, Santa Cruz}
}

@article{struzynska2005role,
  title={The role of astroglia in Pb-exposed adult rat brain with respect to glutamate toxicity},
  author={Stru{\.z}y{\'n}ska, Lidia and Chalimoniuk, Ma{\l}gorzata and Sulkowski, Grzegorz},
  journal={Toxicology},
  volume={212},
  number={2},
  pages={185--194},
  year={2005},
  publisher={Elsevier}
}
% T

@article{tidball1976lead,
  title={Lead in soils},
  author={Tidball, RR},
  journal={Lead in the Environment},
  volume={957},
  pages={43},
  year={1976},
  publisher={US Geol. Surv. Prof. Pap}
}

% U

@misc{UNEP,
title={Final Review of Scientific Information on Lead}, author={United Nations Environment Programme, Chemicals Branch, DTIE}}

% W

@article{wang2006transfer,
  title={Transfer characteristics of cadmium and lead from soil to the edible parts of six vegetable species in southeastern China},
  author={Wang, Guo and Su, Miao-Yu and Chen, Yan-Hui and Lin, Fen-Fang and Luo, Dan and Gao, Shu-Fang},
  journal={Environmental Pollution},
  volume={144},
  number={1},
  pages={127--135},
  year={2006},
  publisher={Elsevier}
}

@article{watmough2007lead,
  title={Lead biogeochemistry in a central Ontario forested watershed},
  author={Watmough, Shaun A and Dillon, Peter J},
  journal={Biogeochemistry},
  volume={84},
  number={2},
  pages={143--159},
  year={2007},
  publisher={Springer}
}

% Z

@inproceedings{zhang2012effect,
  title={Effect of temperature, salinity, and pH on the adsorption of lead by sediment of a tidal river in east China},
  author={Zhang, Ming and Jin, Chi-Cheng and Xu, Li-Heng and Ding, Tao},
  booktitle={Biomedical Engineering and Biotechnology (iCBEB), 2012 International Conference on},
  pages={1389--1391},
  year={2012},
  organization={IEEE}
}

@article{zimdahl1977behavior,
  title={Behavior of lead in soil},
  author={Zimdahl, Robert L and Skogerboe, Rodney K},
  journal={Environmental Science \& Technology},
  volume={11},
  number={13},
  pages={1202--1207},
  year={1977},
  publisher={ACS Publications}
}