% Industrial Sources of Lead Bibliography

% B

%D
@article{duzgoren2007sources,
  title={Sources and characteristics of lead pollution in the urban environment of Guangzhou},
  author={Duzgoren-Aydin, Nurdan S},
  journal={Science of the Total Environment},
  volume={385},
  number={1},
  pages={182--195},
  year={2007},
  publisher={Elsevier}
}

% G

@article{goyer1990environmental,
  title={Lead toxicity: from overt to subclinical to subtle health effects},
  author={Goyer, Robert A},
  journal={Environmental Health Perspectives},
  volume={86},
  number={170},
  pages={177--181},
  year={1990},
  publisher={The National Center for Biotechnology Information}
}
 
% H

@book{harrison2012lead,
  title={Lead pollution: causes and control},
  author={Harrison, Roger},
  year={2012},
  publisher={Springer Science \& Business Media}
}

@article{hammond1977annual,
  title={Exposure of humans to lead},
  author={Hammond, Paul B},
  journal={Annual review of pharmacology and toxicology},
  volume={17.1},
  pages={197--214},
  year={1977},
  publisher={Annual Reviews Inc}
}

@article{blais1996using,
  title={Position paper of the American Council on Science and Health: lead and human health},
  author={Juberg, Daland R., Cindy F. Kleiman, and Simona C. Kwon},
  journal={Ecotoxicology and environmental safety},
  volume={38.3},
  number={3},
  pages={162--180},
  year={1997},
  publisher={Springer}
}

@article{cortizas2002atmospheric,
  title={Atmospheric Pb deposition in Spain during the last 4600 years recorded by two ombrotrophic peat bogs and implications for the use of peat as archive},
  author={Cortizas, A Mart{\i}nez and Garc{\i}a-Rodeja, E and Pombal, X Pontevedra and Mu{\~n}oz, JC N{\'o}voa and Weiss, Dominik and Cheburkin, Andriy},
  journal={Science of the Total Environment},
  volume={292},
  number={1},
  pages={33--44},
  year={2002},
  publisher={Elsevier}
}

%C
@book{cohan2010potential,
  title={Potential for atmospheric driven lead paint degradation in the South Coast Air Basin of California},
  author={Cohan, Alexander},
  year={2010},
  publisher={University of California, Irvine}
}
@article{carlson1975effect,
  title={The effect of heavy metals on plants: II. Net photosynthesis and transpiration of whole corn and sunflower plants treated with Pb, Cd, Ni, and Tl},
  author={Carlson, Roger W and Bazzaz, FA and Rolfe, GL},
  journal={Environmental Research},
  volume={10},
  number={1},
  pages={113--120},
  year={1975},
  publisher={Elsevier}
}

% K

% L

@article{lanphear1998contribution,
  title={The contribution of lead-contaminated house dust and residential soil to children's blood lead levels: a pooled analysis of 12 epidemiologic studies},
  author={Lanphear, Bruce P and Matte, Thomas D and Rogers, John and Clickner, Robert P and Dietz, Brian and Bornschein, Robert L and Succop, Paul and Mahaffey, Kathryn R and Dixon, Sherry and Galke, Warren and others},
  journal={Environmental research},
  volume={79},
  number={1},
  pages={51--68},
  year={1998},
  publisher={Elsevier}
}

% N
@article{nriagu1996history,
  title={A history of global metal pollution},
  author={Nriagu, Jerome O},
  journal={Science},
  volume={272},
  number={5259},
  pages={223},
  year={1996},
  publisher={The American Association for the Advancement of Science}
}

% R

@article{rieuwerts1996heavy,
  title={Heavy metal pollution in the vicinity of a secondary lead smelter in the Czech Republic},
  author={Rieuwerts, John and Farago, Margaret},
  journal={Applied Geochemistry},
  volume={11},
  number={1-2},
  pages={17--23},
  year={1996},
  publisher={Elsevier}
}
% S

@article{singh1997atmospheric,
  title={Atmospheric lead pollution from vehicular emissions--measurements in plants, soil and milk samples},
  author={Singh, N and Pandey, V and Misra, J and Yunus, M and Ahmad, KJ},
  journal={Environmental Monitoring and Assessment},
  volume={45},
  number={1},
  pages={9--19},
  year={1997},
  publisher={Springer}
}

@article{sun2006characteristics,
  title={Characteristics and sources of lead pollution after phasing out leaded gasoline in Beijing},
  author={Sun, Yele and Zhuang, Guoshun and Zhang, Wenjie and Wang, Ying and Zhuang, Yahui},
  journal={Atmospheric Environment},
  volume={40},
  number={16},
  pages={2973--2985},
  year={2006},
  publisher={Elsevier}
}

@article{stigliani1993heavy,
  title={Heavy metal pollution in the Rhine basin},
  author={Stigliani, William M and Anderberg, STEFAN and Jaffe, PR},
  journal={Environmental Science and Technology;(United States)},
  volume={27},
  number={5},
  year={1993}
}

@article{struzynska2005role,
  title={The role of astroglia in Pb-exposed adult rat brain with respect to glutamate toxicity},
  author={Stru{\.z}y{\'n}ska, Lidia and Chalimoniuk, Ma{\l}gorzata and Sulkowski, Grzegorz},
  journal={Toxicology},
  volume={212},
  number={2},
  pages={185--194},
  year={2005},
  publisher={Elsevier}
}
% T

@article{tidball1976lead,
  title={Lead in soils},
  author={Tidball, RR},
  journal={Lead in the Environment},
  volume={957},
  pages={43},
  year={1976},
  publisher={US Geol. Surv. Prof. Pap}
}

% W

@article{wang2006transfer,
  title={Transfer characteristics of cadmium and lead from soil to the edible parts of six vegetable species in southeastern China},
  author={Wang, Guo and Su, Miao-Yu and Chen, Yan-Hui and Lin, Fen-Fang and Luo, Dan and Gao, Shu-Fang},
  journal={Environmental Pollution},
  volume={144},
  number={1},
  pages={127--135},
  year={2006},
  publisher={Elsevier}
}

% Z

@article{zimdahl1977behavior,
  title={Behavior of lead in soil},
  author={Zimdahl, Robert L and Skogerboe, Rodney K},
  journal={Environmental Science \& Technology},
  volume={11},
  number={13},
  pages={1202--1207},
  year={1977},
  publisher={ACS Publications}
}