% Lead Bibliography

% A


@article{alleman1999invasion,
  title={Invasion of the abyssal North Atlantic by modern anthropogenic lead},
  author={Alleman, LY and Veron, AJ and Church, TM and Flegal, AR and Hamelin, B},
  journal={Geophysical Research Letters},
  volume={26},
  number={10},
  pages={1477--1480},
  year={1999},
  publisher={Wiley Online Library}
}


% B


@article{bellinger2016lead,
  title={Lead contamination in Flintâ€”an abject failure to protect public health},
  author={Bellinger, David C},
  journal={New England Journal of Medicine},
  volume={374},
  number={12},
  pages={1101--1103},
  year={2016},
  publisher={Mass Medical Soc}
}



% E

@article{echegoyen2014recent,
  title={Recent distribution of lead in the Indian Ocean reflects the impact of regional emissions},
  author={Echegoyen, Yolanda and Boyle, Edward A and Lee, Jong-Mi and Gamo, Toshitaka and Obata, Hajime and Norisuye, Kazuhiro},
  journal={Proceedings of the National Academy of Sciences},
  volume={111},
  number={43},
  pages={15328--15331},
  year={2014},
  publisher={National Acad Sciences}
}



% G

@article{gobeil2001atlantic,
  title={Atlantic water flow pathways revealed by lead contamination in Arctic basin sediments},
  author={Gobeil, Charles and Macdonald, Robie W and Smith, John N and Beaudin, Luc},
  journal={Science},
  volume={293},
  number={5533},
  pages={1301--1304},
  year={2001},
  publisher={American Association for the Advancement of Science}
}


% H


@article{hem1973solubility,
  title={Solubility and occurrence of lead in surface water},
  author={Hem, JD and Durum, WH},
  journal={Journal (American Water Works Association)},
  pages={562--568},
  year={1973},
  publisher={JSTOR}
}



% K


@article{kim2000factors,
  title={Factors influencing the atmospheric depositional fluxes of stable Pb, 210Pb, and 7Be into Chesapeake Bay},
  author={Kim, Guebuem and Hussain, N and Scudlark, JR and Church, TM},
  journal={Journal of Atmospheric Chemistry},
  volume={36},
  number={1},
  pages={65--79},
  year={2000},
  publisher={Springer}
}



% N


@article{nozaki1976distribution,
  title={The distribution of 210Pb and 210Po in the surface waters of the Pacific Ocean},
  author={Nozaki, Y and Thomson, J and Turekian, KK},
  journal={Earth and Planetary Science Letters},
  volume={32},
  number={2},
  pages={304--312},
  year={1976},
  publisher={Elsevier}
}


% S

@article{schock1980response,
  title={Response of lead solubility to dissolved carbonate in drinking water},
  author={Schock, Michael R},
  journal={Journal (American Water Works Association)},
  pages={695--704},
  year={1980},
  publisher={JSTOR}
}

@article{stansley1992lead,
  title={Lead contamination and mobility in surface water at trap and skeet ranges},
  author={Stansley, William and Widjeskog, Lee and Roscoe, Douglas E},
  journal={Bulletin of Environmental Contamination and Toxicology},
  volume={49},
  number={5},
  pages={640--647},
  year={1992},
  publisher={Springer}
}



% W



@article{windom1985geochemistry,
  title={The geochemistry of lead in rivers, estuaries and the continental shelf of the southeastern United States},
  author={Windom, Herbert L and Smith, Ralph G and Maeda, Masaru},
  journal={Marine Chemistry},
  volume={17},
  number={1},
  pages={43--56},
  year={1985},
  publisher={Elsevier}
}

@article{wu1997lead,
  title={Lead in the western North Atlantic Ocean: completed response to leaded gasoline phaseout},
  author={Wu, Jingfeng and Boyle, Edward A},
  journal={Geochimica et Cosmochimica Acta},
  volume={61},
  number={15},
  pages={3279--3283},
  year={1997},
  publisher={Elsevier}
}

