% Lead Bibliography

% B

@article{barltrop1975absorption,
  title={Absorption of lead from dust and soil},
  author={Barltrop, D and Thornton, I and Strehlow, CD and Webb, JS},
  journal={Postgraduate medical journal},
  volume={51},
  number={601},
  pages={801--804},
  year={1975},
  publisher={The Fellowship of Postgraduate Medicine}
}

@article{blais1996using,
  title={Using isotopic tracers in lake sediments to assess atmospheric transport of lead in eastern Canada},
  author={Blais, Jules M},
  journal={Water, Air, \& Soil Pollution},
  volume={92},
  number={3},
  pages={329--342},
  year={1996},
  publisher={Springer}
}

@article{cortizas2002atmospheric,
  title={Atmospheric Pb deposition in Spain during the last 4600 years recorded by two ombrotrophic peat bogs and implications for the use of peat as archive},
  author={Cortizas, A Mart{\i}nez and Garc{\i}a-Rodeja, E and Pombal, X Pontevedra and Mu{\~n}oz, JC N{\'o}voa and Weiss, Dominik and Cheburkin, Andriy},
  journal={Science of the Total Environment},
  volume={292},
  number={1},
  pages={33--44},
  year={2002},
  publisher={Elsevier}
}

% C
@book{cohan2010potential,
  title={Potential for atmospheric driven lead paint degradation in the South Coast Air Basin of California},
  author={Cohan, Alexander},
  year={2010},
  publisher={University of California, Irvine}
}

@article{chiodo_covington_sokol_hannigan_jannise_ager_greenwald_delaney-black_2007,
title={Blood lead levels and specific attention effects in young children},
volume={29},
DOI={10.1016/j.ntt.2007.04.001},
number={5},
journal={Neurotoxicology and Teratology},
author={Chiodo, Lisa M. and Covington, Chandice and Sokol, Robert J. and Hannigan, John H. and Jannise, James and Ager, Joel and Greenwald, Mark and Delaney-Black, Virginia},
year={2007},
pages={538–546}
}

% F

@article{feigenbaum_muller_2016,
title={Lead exposure and violent crime in the early twentieth century},
volume={62},
DOI={10.1016/j.eeh.2016.03.002},
journal={Explorations in Economic History},
author={Feigenbaum, James J. and Muller, Christopher},
year={2016},
pages={51–86}
}

% H 

@article{hou_yuan_jin_ding_qin_li_liu_wu_zhao_deng_et al._2013,
  title={A clinical study of the effects of lead poisoning on the intelligence and neurobehavioral abilities of children}, 
  volume={10}, 
  DOI={10.1186/1742-4682-10-13}, 
  number={1}, 
  journal={Theoretical Biology and Medical Modelling}, 
  author={Hou, Shuangxing and Yuan, Lianfang and Jin, Pengpeng and Ding, Bojun and Qin, Na and Li, Li and Liu, Xuedong and Wu, Zhongliang and Zhao, Gang and Deng, Yanchun and et al.}, 
  year={2013}, 
  pages={13}
  }

% L

@article{lanphear1998contribution,
  title={The contribution of lead-contaminated house dust and residential soil to children's blood lead levels: a pooled analysis of 12 epidemiologic studies},
  author={Lanphear, Bruce P and Matte, Thomas D and Rogers, John and Clickner, Robert P and Dietz, Brian and Bornschein, Robert L and Succop, Paul and Mahaffey, Kathryn R and Dixon, Sherry and Galke, Warren and others},
  journal={Environmental research},
  volume={79},
  number={1},
  pages={51--68},
  year={1998},
  publisher={Elsevier}
}

% M
@article{miranda_kim_galeano_paul_hull_morgan_2007,
  title={The Relationship between Early Childhood Blood Lead Levels and Performance on End-of-Grade Tests},
  volume={115}, 
  DOI={10.1289/ehp.9994}, 
  number={8}, 
  journal={Environmental Health Perspectives}, 
  author={Miranda, Marie Lynn and Kim, Dohyeong and Galeano, M. Alicia Overstreet and Paul, Christopher J. and Hull, Andrew P. and Morgan, S. Philip},
  year={2007}, 
  pages={1242–1247}
  }

@misc{needleman_1984,
title={The Relationship Between Prenatal Exposure to Lead and Congenital Anomalies}, url={http://jamanetwork.com/journals/jama/fullarticle/393107},
journal={JAMA},
publisher={American Medical Association},
author={Needleman, MD Herbert L.},
year={1984},
month={Jun}
}

% N

@article{nevin_2000,
title={How Lead Exposure Relates to Temporal Changes in IQ, Violent Crime, and Unwed Pregnancy},
volume={83},
DOI={10.1006/enrs.1999.4045},
number={1},
journal={Environmental Research},
author={Nevin, Rick},
year={2000},
pages={1–22}
}

@article{nevin_2007,
title={Understanding international crime trends: The legacy of preschool lead exposure},
volume={104},
DOI={10.1016/j.envres.2007.02.008},
number={3},
journal={Environmental Research},
author={Nevin, Rick},
year={2007},
pages={315–336}
}

@article{needleman_schell_bellinger_leviton_allred_1990,
title={The Long-Term Effects of Exposure to Low Doses of Lead in Childhood},
volume={322},
DOI={10.1056/nejm199001113220203},
number={2},
journal={New England Journal of Medicine},
author={Needleman, Herbert L. and Schell, Alan and Bellinger, David and Leviton, Alan and Allred, Elizabeth N.},
year={1990},
month={Nov},
pages={83–88}
}

% O
@article{olympio2010surface,
  title={Surface dental enamel lead levels and antisocial behavior in Brazilian adolescents},
  author={Olympio, Kelly PK and Oliveira, Pedro V and Naozuka, Juliana and Cardoso, Maria RA and Marques, Antonio F and G{\"u}nther, Wanda MR and Bechara, Etelvino JH},
  journal={Neurotoxicology and Teratology},
  volume={32},
  number={2},
  pages={273--279},
  year={2010},
  publisher={Elsevier}
}


% R
@article{reyes_2007, 
title={Environmental Policy as Social Policy? The Impact of Childhood Lead Exposure on Crime},
DOI={10.3386/w13097},
author={Reyes, Jessica Wolpaw},
year={2007}
}



% S

@article{struzynska2005role,
  title={The role of astroglia in Pb-exposed adult rat brain with respect to glutamate toxicity},
  author={Stru{\.z}y{\'n}ska, Lidia and Chalimoniuk, Ma{\l}gorzata and Sulkowski, Grzegorz},
  journal={Toxicology},
  volume={212},
  number={2},
  pages={185--194},
  year={2005},
  publisher={Elsevier}
}
% T

@article{tidball1976lead,
  title={Lead in soils},
  author={Tidball, RR},
  journal={Lead in the Environment},
  volume={957},
  pages={43},
  year={1976},
  publisher={US Geol. Surv. Prof. Pap}
}

% W

@article{wang2006transfer,
  title={Transfer characteristics of cadmium and lead from soil to the edible parts of six vegetable species in southeastern China},
  author={Wang, Guo and Su, Miao-Yu and Chen, Yan-Hui and Lin, Fen-Fang and Luo, Dan and Gao, Shu-Fang},
  journal={Environmental Pollution},
  volume={144},
  number={1},
  pages={127--135},
  year={2006},
  publisher={Elsevier}
}

% Z

@article{zimdahl1977behavior,
  title={Behavior of lead in soil},
  author={Zimdahl, Robert L and Skogerboe, Rodney K},
  journal={Environmental Science \& Technology},
  volume={11},
  number={13},
  pages={1202--1207},
  year={1977},
  publisher={ACS Publications}
}
