@Book{GreentargetEngagement2012,
  Title                    = {"2012 - In - House Counsel New Media Engagement Survey"},
  Author                   = {"Inside Counsel "},
  Publisher                = {"Greentarget"},
  Year                     = {"2012"},
  Pages                    = {"20"},
  Plots                    = {"9"},
  Tables                   = {"0"},
  Url                      = {"http://www.greentarget.com/wp-content/uploads/2012/01/2012GTZGICSurveyReportFinal-WebsiteVersion.pdf"}
}
@Book{CitiprivateBank,
  Title                    = {"Intellectual Leadership with Law Watch"},
  Author                   = {""},
  Publisher                = {""},
  Year                     = {"2008"},
  Pages                    = {"2"},
  Plots                    = {"1"},
  Tables                   = {"4"},
  Url                      = {"http://www.citigroup.com/privatebank/lawassociates/pdfs/lawwatch/slipsheet.pdf"}
}