%% LaTeX2e file `mybibliography.bib'
%% generated by the `filecontents' environment
%% from source `01_Example_MinBibliography' on 2017/04/02.
%%

@article{bargh1996automaticity,
  title={Automaticity of social behavior: Direct effects of trait construct and stereotype activation on action.},
  author={Bargh, John A and Chen, Mark and Burrows, Lara},
  journal={Journal of personality and social psychology},
  volume={71},
  number={2},
  pages={230},
  year={1996},
  publisher={American Psychological Association}
}

@article{morey2015package,
  title={Package 'BayesFactor'},
  author={Morey, Richard D and Rouder, Jeffrey N and Jamil, Tahira and Morey, Maintainer Richard D},
  year={2015}
}

@book{harris1976myth,
  title={The myth and reality of aging in America},
  author={Harris, Louis and National Council on the Aging},
  year={1976},
  publisher={Washington: National Council on the Aging, c1975, 1976 printing.}
}

@article{perdue1990evidence,
  title={Evidence for the automaticity of ageism},
  author={Perdue, Charles W and Gurtman, Michael B},
  journal={Journal of Experimental Social Psychology},
  volume={26},
  number={3},
  pages={199--216},
  year={1990},
  publisher={Elsevier}
}

@article{mctavish1971perceptions,
  title={Perceptions of old people: A review of research methodologies and findings.},
  author={McTavish, Donald G},
  journal={The gerontologist},
  year={1971},
  publisher={Gerontological Society of America}
}


@article{brewer1981perceptions,
  title={Perceptions of the elderly: Stereotypes as prototypes.},
  author={Brewer, Marilynn B and Dull, Valerie and Lui, Layton},
  journal={Journal of Personality and Social Psychology},
  volume={41},
  number={4},
  pages={656},
  year={1981},
  publisher={American Psychological Association}
}

@article{srull1979role,
  title={The role of category accessibility in the interpretation of information about persons: Some determinants and implications.},
  author={Srull, Thomas K and Wyer, Robert S},
  journal={Journal of Personality and Social psychology},
  volume={37},
  number={10},
  pages={1660},
  year={1979},
  publisher={American Psychological Association}
}

