@Manual{knitr2013,
    title = {knitr: A general-purpose package for dynamic report
      generation in R},
    author = {Yihui Xie},
    year = {2013},
    note = {R package version 1.4.1},
    url = {http://yihui.name/knitr/},
  }
