@article{lanphear1998contribution,
  title={The contribution of lead-contaminated house dust and residential soil to children's blood lead levels: a pooled analysis of 12 epidemiologic studies},
  author={Lanphear, Bruce P and Matte, Thomas D and Rogers, John and Clickner, Robert P and Dietz, Brian and Bornschein, Robert L and Succop, Paul and Mahaffey, Kathryn R and Dixon, Sherry and Galke, Warren and others},
  journal={Environmental research},
  volume={79},
  number={1},
  pages={51--68},
  year={1998},
  publisher={Elsevier}
}

@article{tidball1976lead,
  title={Lead in soils},
  author={Tidball, RR},
  journal={Lead in the Environment},
  volume={957},
  pages={43},
  year={1976},
  publisher={US Geol. Surv. Prof. Pap}
}