% Encoding: UTF-8
% Lead Bibliography

@misc{american2016ethyl, title={Ethyl Anti-Knock Gas}, howpublished={\url{http://aoghs.org}, journal={American Oil \& Gas Historical Society}, note={Accessed: 2017-04-10}, volume={}, number={}, pages={}, year={2016}, publisher={}}

@book{agency1990toxicological,
  title={Toxicological profile for lead},
  author={Agency for Toxic Substances and Disease Registry. Syracuse Research Corporation},
  year={1990},
  publisher={Agency for Toxic Substances and Disease Registry, Syracuse Research Corporation}
}

@Online{agency2016lead,
  author  = {Agency for Toxic Substances and Medicine Exposure},
  title   = {Lead Toxicity: What Are the Physiologic Effects of Lead Exposure?},
  year    = {2016},
  url     = {https://www.atsdr.cdc.gov},
  urldate = {2017-04-17},
}


@Article{Barltrop1975absorption,
  author    = {Barltrop, D and Thornton, I and Strehlow, CD and Webb, JS},
  title     = {Absorption of lead from dust and soil},
  journal   = {Postgraduate medical journal},
  year      = {1975},
  volume    = {51},
  number    = {601},
  pages     = {801--804},
  publisher = {The Fellowship of Postgraduate Medicine}
}


@Article{blais1996using,
  author    = {Blais, Jules M},
  title     = {Using isotopic tracers in lake sediments to assess atmospheric transport of lead in eastern Canada},
  journal   = {Water, Air, \& Soil Pollution},
  year      = {1996},
  volume    = {92},
  number    = {3},
  pages     = {329--342},
  publisher = {Springer},
}

@article{Gibson1968,
 ISSN = {00071072},
 URL = {http://www.jstor.org/stable/27722279},
 author = {Sheila L. M. Gibson and J. C. MacKenzie and A. Goldberg},
 journal = {British Journal of Industrial Medicine},
 number = {1},
 pages = {40-51},
 publisher = {BMJ},
 title = {The Diagnosis of Industrial Lead Poisoning},
 volume = {25},
 year = {1968}
}


@article {Lanphear1617,
	author = {Lanphear, Bruce P.},
	title = {The Paradox of Lead Poisoning Prevention},
	volume = {281},
	number = {5383},
	pages = {1617--1618},
	year = {1998},
	doi = {10.1126/science.281.5383.1617},
	publisher = {American Association for the Advancement of Science},
	issn = {0036-8075},
	URL = {http://science.sciencemag.org/content/281/5383/1617},
	eprint = {http://science.sciencemag.org/content/281/5383/1617},
	journal = {Science}
}

@article{schwartz2000past,
  title={Past adult lead exposure is associated with longitudinal decline in cognitive function},
  author={Schwartz, Brian S and Stewart, WF and Bolla, KI and Simon, D and Bandeen-Roche, K and Gordon, B and Links, JM and Todd, AC},
  journal={Neurology},
  volume={55},
  number={8},
  pages={1144--1150},
  year={2000},
  publisher={AAN Enterprises}
}

% Z

@Article{zimdahl1977behavior,
  author    = {Zimdahl, Robert L and Skogerboe, Rodney K},
  title     = {Behavior of lead in soil},
  journal   = {Environmental Science \& Technology},
  year      = {1977},
  volume    = {11},
  number    = {13},
  pages     = {1202--1207},
  publisher = {ACS Publications},
}

